<?xml version="1.0" encoding="UTF-8"?><collection xmlns="http://www.loc.gov/MARC21/slim"><record><leader>00369nam--2200133-i-4500</leader><controlfield tag="001">000041988</controlfield><controlfield tag="002">20161230</controlfield><controlfield tag="005">20161230201043</controlfield><controlfield tag="008">060222s1000------------r-----000-0-eng-d</controlfield><datafield ind1=" " ind2=" " tag="080"><subfield code="a">517.1/3</subfield></datafield><datafield ind1=" " ind2=" " tag="100"><subfield code="a">Smith,Percey F. Et Granvilie,William Anthony</subfield></datafield><datafield ind1=" " ind2=" " tag="245"><subfield code="a">Elements de calcul differentiel et integral</subfield></datafield><datafield ind1=" " ind2=" " tag="260"><subfield code="a">Paris, Librarie Vulbert, 1926. 547 P</subfield></datafield><datafield ind1=" " ind2=" " tag="852"><subfield code="a">72061</subfield></datafield></record></collection>